<record><leader>00000cas a22000007a 4500</leader><controlfield tag="001">19621788</controlfield><controlfield tag="008">890428d19181956couwr ne      0    0eng d</controlfield><controlfield tag="009">9774</controlfield><datafield ind1=" " ind2=" " tag="010"><subfield code="a">sn 89052104 </subfield></datafield><datafield ind1=" " ind2=" " tag="040"><subfield code="a">CNQ</subfield><subfield code="b">eng</subfield><subfield code="c">CNQ</subfield><subfield code="d">DLC</subfield></datafield><datafield ind1="1" ind2=" " tag="029"><subfield code="a">AU@</subfield><subfield code="b">000025899223</subfield></datafield><datafield ind1=" " ind2=" " tag="042"><subfield code="a">msc</subfield></datafield><datafield ind1="0" ind2="0" tag="050"><subfield code="a">Newspaper 7224</subfield></datafield><datafield ind1="0" ind2="0" tag="245"><subfield code="a">Littleton independent and the Arapahoe herald.</subfield></datafield><datafield ind1="0" ind2="7" tag="246"><subfield code="a">Littleton independent</subfield></datafield><datafield ind1="0" ind2="0" tag="246"><subfield code="a">Littleton independent and Littleton booster</subfield></datafield><datafield ind1=" " ind2=" " tag="260"><subfield code="a">Littleton, Arapahoe County, Colo. :</subfield><subfield code="b">Henry Kraft,</subfield></datafield><datafield ind1=" " ind2=" " tag="300"><subfield code="a">v.</subfield></datafield><datafield ind1=" " ind2=" " tag="310"><subfield code="a">Weekly</subfield></datafield><datafield ind1="0" ind2=" " tag="362"><subfield code="a">31st year, no. 25 (Aug. 2, 1918)-68th year, no. 23 (Dec. 30, 1955) ; v. 68, no. 24 (Jan. 6, 1956)-v. 68, no. 26 (Jan. 27, 1956).</subfield></datafield><datafield ind1=" " ind2=" " tag="500"><subfield code="a">Published as: Littleton independent and Littleton booster, June 5, 1936-Apr. 2, 1937.</subfield></datafield><datafield ind1=" " ind2=" " tag="515"><subfield code="a">Numbering system of Littleton independent and Arapahoe herald changes in 1956.</subfield></datafield><datafield ind1=" " ind2=" " tag="530"><subfield code="a">Available on microfilm from the Colorado Historical Society.</subfield></datafield><datafield ind1=" " ind2=" " tag="752"><subfield code="a">United States</subfield><subfield code="b">Colorado</subfield><subfield code="c">Arapahoe</subfield><subfield code="d">Littleton.</subfield></datafield><datafield ind1="0" ind2="4" tag="780"><subfield code="t">Littleton independent</subfield><subfield code="w">(DLC)sn 82014493</subfield></datafield><datafield ind1="0" ind2="4" tag="780"><subfield code="t">Arapahoe herald</subfield><subfield code="w">(DLC)sn 89052106</subfield></datafield><datafield ind1="0" ind2="0" tag="785"><subfield code="t">Littleton independent (Littleton, Colo. : 1956)</subfield><subfield code="w">(DLC)sn 89052112</subfield></datafield></record>